@misc{tinker,
  author = {Feamster, Nick},
  title = {Who Will Secure the Internet of Things?},
  journal = {Freedom to Tinker}, 
  type = {Blog},
  number = {January 19},
  year = {2016},
  howpublished = {https://freedom-to-tinker.com/2016/01/19/who-will-secure-the-internet-of-things/}
}

@misc{cra,
  author = {Mosley, Brian},
  title = {NSF Funded IoT Security Research Excites at the 2017 CNSF Exhibition},
  journal = {Computing Research Association}, 
  type = {Blog},
  number = {May 24},
  year = {2017},
  howpublished = {http://cra.org/govaffairs/blog/2017/05/2017-cnsf-exhibition/}
}

@conference{ftc,
author = {Federal Trade Commission},
title = {Internet of Things: Privacy \& Security in a Connected World},
booktitle = {FTC Staff Report},
year = {2016}
}


@conference{coposIoT,
  author       = {Copos, Bogdan et al}, 
  title        = {Is Anybody Home? Inferring Activity From Smart Home Network Traffic},
  booktitle    = {IEEE Security and Privacy Workshops},
  year         = {2016}
}

@book{chaMachineLearning,
  author    = {Cha, Seunghun and Kim, Hyoungshick}, 
  title     = {Detecting encrypted traffic: a machine learning approach},
  publisher = {Springer, Cham},
  year      = 2017,
  volume    = 10144,
  month     = 3,
  note      = {Inofrmation Security Applications},
  isbn      = {9783319565484}
}

@book{barrons,
  author    = {Sell, Rebecca, Rothenberg, Mikel A. and Chapman, Charles F.}, 
  title     = {Dictionary of Medical Terms},
  publisher = {Barron's Educational Series},
  year      = 2012,
  volume    = 6,
  month     = ,
  note      = {},
  isbn      = {9780764147586}
}


@article{dimitrovIoT,
  author  = {Dimitrov, Dimiter}, 
  title   = {Medical Internet of Things and Big Data in Healthcare},
  journal = {Healthc Inform Res},
  year    = 2016,
  number  = 22,
  pages   = {156-163},
  month   = 7,
  volume  = 3
}

@article{nist,
  author  = {McCallister, Erika, Grance, Tim and Scarfone, Karen}, 
  title   = {Guide to Protecting the Confidentiality of Personally Identifiable Information (PII)},
  journal = {Special Publication},
  year    = 2010,
  number  = 800,
  pages   = {2},
  month   = 4,
  volume  = 122
}

@conference{apthorpeIoT,
author = {Apthorpe, Noah},
title = {A Smart Home is No Castle: Privacy Vulnerabilities of Encrypted IoT Traffic},
booktitle = {Workshop on Data and Algorithmic Transparency},
year = {2016}
}


@inproceedings{srinivasan2008fats,
  title={Protecting your daily in-home activity information from a wireless snooping attack},
  author={Srinivasan, Vijay et al},
  booktitle={Proceedings of the 10th international conference on Ubiquitous computing},
  pages={202-211},
  year={2008},
  publisher={ACM},
  address={New York}
}

@online{securityHIPAArule,
  author = {United States Department of Health and Human Services Office for Civil Rights},
  title = {Summary of the HIPAA Security Rule},
  year = {n.d.},
  url = {https://www.hhs.gov/hipaa/for-professionals/security/index.html},
  urldate = {2017-06-14}
}

@online{privacyHIPAArule,
  author = {United States Department of Health and Human Services Office for Civil Rights},
  title = {Summary of the HIPAA Privacy Rule},
  year = {n.d.},
  url = {https://www.hhs.gov/hipaa/for-professionals/privacy/index.html},
  urldate = {2017-06-14}
}

@online{names,
  author = {United States Census Bureau},
  title = {Frequently Occurring Surnames from the Census 2000},
  year = {2003},
  url = {https://www.census.gov/topics/population/genealogy/data/2000_surnames.html},
  urldate = {2017-07-5}
}

